<?xml version="1.0" encoding="utf-8"?>
<record xmlns="http://www.loc.gov/MARC21/slim" xmlns:xsi="http://www.w3.org/2001/XMLSchema-instance" xsi:schemaLocation="http://www.loc.gov/MARC21/slim http://www.loc.gov/standards/marcxml/schema/MARC21slim.xsd">
	<leader>     nam a22        4500</leader>
	<controlfield tag="001">3071747</controlfield>
	<controlfield tag="003">NNC</controlfield>
	<controlfield tag="006">m        d        </controlfield>
	<controlfield tag="007">cr cn |||m|||a</controlfield>
	<controlfield tag="008">150603s1903    ua      o     000 0 ara d</controlfield>
	<datafield ind1=" " ind2=" " tag="040">
		<subfield code="a">NNU</subfield>
		<subfield code="b">eng</subfield>
		<subfield code="c">NNU</subfield>
	</datafield>
	<datafield ind1="0" ind2=" " tag="100">
		<subfield code="6">880-01</subfield>
		<subfield code="a">ʻAbd al-Razzāq al-Qāshānī,</subfield>
		<subfield code="d">-1330?</subfield>
	</datafield>
	<datafield ind1="1" ind2="0" tag="245">
		<subfield code="6">880-02</subfield>
		<subfield code="a">Hadhā kitāb Sharḥ al-ustādh al-shaykh ʻAbd-al-Razzāq al-Qāshānī ʻalá́ Fuṣūṣ al-ḥikam lil-ustādh al-akbar al-shaykh Muḥyī al-Din Ibn al-ʻArabī</subfield>
		<subfield code="h">[electronic resource] :</subfield>
		<subfield code="b">Wa bi-ʼasfal kull ṣaḥīfah ḥall al-mawāḍiʻ al-khafīyah min Sharḥ Bālī Afandī.</subfield>
	</datafield>
	<datafield ind1=" " ind2=" " tag="260">
		<subfield code="6">880-03</subfield>
		<subfield code="a">Miṣr :</subfield>
		<subfield code="b">al-Maṭbaʻah al-Maimanīyah (Muṣṭafā al-Bābī al-Ḥalabī wa-akhawāhu Bakrī wa ʻĪsá),</subfield>
		<subfield code="c">[1321 h., 1903 m.]</subfield>
	</datafield>
	<datafield ind1=" " ind2=" " tag="300">
		<subfield code="a">online resource (284 p.)</subfield>
	</datafield>
	<datafield ind1=" " ind2=" " tag="500">
		<subfield code="a">Part of the Arabic Collections Online (ACO) project, contributed by Columbia University Libraries.</subfield>
	</datafield>
	<datafield ind1=" " ind2=" " tag="533">
		<subfield code="a">Electronic reproduction.</subfield>
		<subfield code="b">New York, N.Y. :</subfield>
		<subfield code="c">New York University,</subfield>
		<subfield code="d">2015.</subfield>
		<subfield code="5">NNU</subfield>
	</datafield>
	<datafield ind1="0" ind2="0" tag="600">
		<subfield code="6">880-04</subfield>
		<subfield code="a">Ibn al-ʻArabī,</subfield>
		<subfield code="d">1165-1240.</subfield>
		<subfield code="t">Fuṣūṣ al-ḥikam.</subfield>
	</datafield>
	<datafield ind1="0" ind2="7" tag="630">
		<subfield code="a">Fuṣūṣ al-ḥikam (Ibn al-ʻArabī)</subfield>
		<subfield code="2">fast</subfield>
		<subfield code="0">(OCoLC)fst01371634</subfield>
	</datafield>
	<datafield ind1="2" ind2=" " tag="710">
		<subfield code="a">Columbia University.</subfield>
		<subfield code="b">Libraries.</subfield>
	</datafield>
	<datafield ind1="0" ind2=" " tag="730">
		<subfield code="a">Arabic Collections Online.</subfield>
	</datafield>
	<datafield ind1="0" ind2="8" tag="776">
		<subfield code="i">Print version:</subfield>
		<subfield code="a">ʻAbd al-Razzāq al-Qāshānī, -1330?</subfield>
		<subfield code="t">Hadhā kitāb Sharḥ al-ustādh al-shaykh ʻAbd-al-Razzāq al-Qāshānī ʻalá́ Fuṣūṣ al-ḥikam lil-ustādh al-akbar al-shaykh Muḥyī al-Din Ibn al-ʻArabī</subfield>
		<subfield code="w">(NNC)3071747</subfield>
		<subfield code="w">(OCoLC)47822688</subfield>
	</datafield>
	<datafield ind1="4" ind2="0" tag="856">
		<subfield code="u">http://hdl.handle.net/2333.1/pk0p2qwk</subfield>
	</datafield>
	<datafield ind1="0" ind2=" " tag="880">
		<subfield code="6">100-01/r</subfield>
		<subfield code="a">عبد الرزاق القاشاني،</subfield>
		<subfield code="d">-1330?</subfield>
	</datafield>
	<datafield ind1="1" ind2="0" tag="880">
		<subfield code="6">245-02/r</subfield>
		<subfield code="a">هذا كتاب شرح الأستاذ الشيخ عبدالرزاق القاشاني على فصوص الحكم للاستاذ الاكبر الشيخ محيي الدن ابن العربي.</subfield>
		<subfield code="b">و بأسفل كل صحيفة حل المواضع الخفية من شرح بالي افندي.</subfield>
	</datafield>
	<datafield ind1=" " ind2=" " tag="880">
		<subfield code="6">260-03/r</subfield>
		<subfield code="a">مصر :</subfield>
		<subfield code="b">المطبعة الممنية (مصطفا البابي الحلبي واخواه بكري و عيسى)،</subfield>
		<subfield code="c">[1321 ه.، 1903 م.]</subfield>
	</datafield>
	<datafield ind1="0" ind2="4" tag="880">
		<subfield code="6">600-04/r</subfield>
		<subfield code="a">ابن العربي،</subfield>
		<subfield code="d">1165-1240.</subfield>
		<subfield code="t">فصوص الحكم.</subfield>
	</datafield>
	<datafield ind1=" " ind2=" " tag="959">
		<subfield code="a">NNU</subfield>
		<subfield code="b">WEB</subfield>
		<subfield code="c">GENI</subfield>
		<subfield code="t">0</subfield>
		<subfield code="m">Electronic access</subfield>
		<subfield code="s">01</subfield>
	</datafield>
	<datafield ind1=" " ind2=" " tag="999">
		<subfield code="i">NNC_3071747</subfield>
		<subfield code="o">(OCoLC)ocm47822688</subfield>
		<subfield code="s">columbia_aco000490</subfield>
		<subfield code="e">(ERROR-880)</subfield>
		<subfield code="s">columbia_aco000490</subfield>
	</datafield>
</record>
